@article{albert2002statistical,
  title={Statistical mechanics of complex networks},
  author={Albert, R{\'e}ka and Barab{\'a}si, Albert-L{\'a}szl{\'o}},
  journal={Reviews of modern physics},
  volume={74},
  number={1},
  pages={47},
  year={2002},
  publisher={APS},
  url={http://www.barabasilab.com/pubs/CCNR-ALB\_Publications/200201-30\_RevModernPhys-StatisticalMech/200201-30\_RevModernPhys-StatisticalMech.pdf}
}

@inproceedings{bastian2009gephi,
  title={Gephi: an open source software for exploring and manipulating networks.},
  author={Bastian, Mathieu and Heymann, Sebastien and Jacomy, Mathieu},
  booktitle={ICWSM},
  year={2009},
  url={http://www.medialab.sciences-po.fr/publications/Gephi\%20paper.pdf}
}

@book{cherven2013network,
  title={Network Graph Analysis and Visualization with Gephi},
  author={Cherven, K.},
  isbn={9781783280148},
  series={Community experience distilled},
  url={http://books.google.cl/books?id=-bP4AAAAQBAJ},
  year={2013},
  publisher={Packt Publishing}
}

@article{barabasi2011network,
  title={The network takeover},
  author={Barab{\'a}si, Albert-L{\'a}szl{\'o}},
  journal={Nature Physics},
  volume={8},
  number={1},
  pages={14},
  year={2011},
  url={http://www.barabasilab.com/pubs/CCNR-ALB\_Publications/201112-22\_NatPhys-takeover/201112-22\_NatPhys-takeover.pdf}
}

@article{vega2012rgexf,
  title={rgexf: An R library to build GEXF graph files},
  author={Vega, George and F{\'a}brega, Jorge and Kust, Joshua},
  journal={The Comprehensive R Archive Network (CRAN)},
  year={2012},
  publisher={The R Foundation for Statistical Computing},
  url={http://cran.r-project.org/web/packages/rgexf/index.html}
}

@article{csardi2006igraph,
  title={The igraph software package for complex network research},
  author={Csardi, Gabor and Nepusz, Tamas},
  journal={InterJournal, Complex Systems},
  volume={1695},
  number={5},
  year={2006},
  url={http://www.necsi.edu/events/iccs6/papers/c1602a3c126ba822d0bc4293371c.pdf}
}

@article{batagelj1998pajek,
  title={Pajek-program for large network analysis},
  author={Batagelj, Vladimir and Mrvar, Andrej},
  journal={Connections},
  volume={21},
  number={2},
  pages={47--57},
  year={1998},
  url={http://www.educa.fmf.uni-lj.si/datana/pub/networks/doc/pajek.pdf}
}

@book{easley2010networks,
  title={Networks, crowds, and markets},
  author={Easley, David and Kleinberg, Jon},
  volume={8},
  year={2010},
  publisher={Cambridge Univ Press},
  url={http://www.cs.cornell.edu/home/kleinber/networks-book/}
}

@article{newman2004finding,
  title={Finding and evaluating community structure in networks},
  author={Newman, Mark EJ and Girvan, Michelle},
  journal={Physical review E},
  volume={69},
  number={2},
  pages={026113},
  year={2004},
  publisher={APS},
  url={http://arxiv.org/pdf/cond-mat/0308217.pdf}
}
@article{newman2003structure,
  title={The structure and function of complex networks},
  author={Newman, Mark EJ},
  journal={SIAM review},
  volume={45},
  number={2},
  pages={167--256},
  year={2003},
  publisher={SIAM},
  url={http://complexityblog.com/papers/aaron/Newman-Complex%20Networks.pdf}
}

@article{watts1998collective,
  title={Collective dynamics of ‘small-world’networks},
  author={Watts, Duncan J and Strogatz, Steven H},
  journal={nature},
  volume={393},
  number={6684},
  pages={440--442},
  year={1998},
  publisher={Nature Publishing Group}
}

@misc{hidalgo2011,
  title={Networks, Complexity and Its Applicantions (Spring 2011)},
  publisher={MIT OpenCourseWare: Massachusetts Institute of Technology},
  url={http://ocw.mit.edu/courses/media-arts-and-sciences/mas-961-networks-complexity-and-its-applications-spring-2011},
  author={Hidalgo, Cesar},
  note={Accessed 18 Jun, 2014},
  year={2011}
}

@article{fabrega2011,
  title={The network of scientific production in Chile since 1909},
  url={http://nodoschile.org/the-network-of-scientific-production-in-chile-since-1909/},
  publisher={Nodos Chile},
  author={F{\'a}brega, Jorge and Vega, George},
  year={2011}
}

@article{milgram1967,
  title={The small world problem},
  author={Milgram, Stanley},
  journal={Psychology today},
  volume={2},
  number={1},
  pages={60--67},
  year={1967},
  publisher={New York},
  url={http://measure.igpp.ucla.edu/GK12-SEE-LA/Lesson_Files_09/Tina_Wey/TW_social_networks_Milgram_1967_small_world_problem.pdf}
}

@article{borgatti2005centrality,
  title={Centrality and network flow},
  author={Borgatti, Stephen P},
  journal={Social networks},
  volume={27},
  number={1},
  pages={55--71},
  year={2005},
  publisher={North-Holland},
  url={http://www.analytictech.com/borgatti/papers/centflow.pdf}
}

@article{freeman1979centrality,
  title={Centrality in social networks conceptual clarification},
  author={Freeman, Linton C},
  journal={Social networks},
  volume={1},
  number={3},
  pages={215--239},
  year={1979},
  publisher={Elsevier}
  url={http://leonidzhukov.ru/hse/2013/socialnetworks/papers/freeman79-centrality.pdf}
}

@techreport{page1999,
          number = {1999-66},
           month = {November},
          author = {Lawrence Page and Sergey Brin and Rajeev Motwani and Terry Winograd},
            note = {Previous number = SIDL-WP-1999-0120},
           title = {The PageRank Citation Ranking: Bringing Order to the Web.},
            type = {Technical Report},
       publisher = {Stanford InfoLab},
            year = {1999},
     institution = {Stanford InfoLab},
             url = {http://ilpubs.stanford.edu:8090/422/},
        abstract = {The importance of a Web page is an inherently subjective matter, which depends on the readers interests, knowledge and attitudes. But there is still much that can be said objectively about the relative importance of Web pages. This paper describes PageRank, a mathod for rating Web pages objectively and mechanically, effectively measuring the human interest and attention devoted to them. We compare PageRank to an idealized random Web surfer. We show how to efficiently compute PageRank for large numbers of pages. And, we show how to apply PageRank to search and to user navigation.}
}

@misc{lada2014,
  title={Social Network Analysis},
  author={Lada Adamic},
  year={2014},
  publisher={University of Michigan, Coursera},
  url={https://www.coursera.org/course/sna},
  note={Accessed 18 jun, 2014}
}


